% BELANGRIJKE PDFS

@TECHREPORT{2003NEOSDT,
    title = {Study to Determine the Feasbility of Extending the Search for Near-Earth Objects to Smaller Limiting Diameters},
    author = {G. H. Stokes and others},
    year = {2003},
    institution = {NASA Science Mission Directorate}
    }
    
@TECHREPORT{2017NEOSDT,
    title = {Update to Determine the Feasibility of Enhancing the Search and Charactization of NEOs},
    author = {G. H. Stokes and others},
    year = {2017},
    institution = {NASA Science Mission Directorate}
    }

@ARTICLE{AsteroidSTM,
    title = {A Refined "Standard" Thermal Model for Asteroids Based on Observations of 1 Ceres and 2 Pallas},
    author = {L. A. Lebovsky and others},
    year= {1986},
    journal = {Icarus},
    volume = {68}
    }
    
@INPROCEEDINGS{AsteroidsNEATM,
    title = {Asteroids in the Thermal Infrared},
    author = {A. W. Harris and J. S. V. Lagerros},
    booktitle = {Asteroids III},
    year = {2002},
    publisher = {University of Arizona Press}
    }
    
@INPROCEEDINGS{Cadence,
    title = {NEOCam Survey Cadence and Simulation},
    author = {T. Grav and others},
    year = {2019},
    booktitle = {50th Lunar and Planetary Science Conference}
    }
    
@ARTICLE{IRDust,
    title = {The COBE Diffuse Infrared Background Experiment Search for the Infrared Background. II. Model of the Interplanetary Dust Cloud.},
    author = {T. Kelsall and others},
    year = {1998},
    journal = {The Astrophysics Journal},
    volume = {508}
    }
    
@TECHREPORT{DefendingEarth,
    title = {Defending Planet Earth: Near-Earth Object Surveys and Hazard Mitigation Strategies},
    author = {I. I. Shapiro and others},
    year = {2010},
    institution = {Space Studies Board, National Research Council}
    }
    
@TECHREPORT{DetectionAndTracking,
    title = {Analysis of Alternatives for Near Earth Object Detection, Tracking and Charactization.},
    author = {E. Adams and others},
    year = {2018},
    institution = {John Hopkins Applied Physics Laboratory}
    }
    
@ARTICLE{SkyBrightness,
    title = {The 1997 Reference of Diffuse Night Sky Brightness},
    author = {Ch. Leinert and others},
    year = {1998},
    journal = {Astronomy and Astrophysics Supplement Series},
    volume = {127}
    }
    
@INPROCEEDINGS{Flyeye,
    title = {Simulation of Sky Surveys with the Flyeye Telescope},
    author = {O. Ramirez Torralba and others},
    year = {2019},
    booktitle = {1st NEO and Debris Detection Conference}
    }
    
@ARTICLE{NeowisePopulation,
    title = {NEOWISE Observations of Near-Earth Objects: Preliminary Results},
    author = {A. Mainzer and others},
    year = {2011},
    journal = {The Astrophysics Journal},
    volume = {743}
    }
    
@ARTICLE{HarrisPopulation,
    title = {The Population of Near-Earth Asteroids},
    author = {A. W. Harris and G. D'Abramo},
    year = {2015},
    journal = {Icarus},
    volume = {257}
    }
    
@INPROCEEDINGS{LightOfTheNightSky,
    title = {The Light of the Night Sky},
    author = {F. E. Roach and J. L. Gordon},
    year = {1973},
    booktitle = {Geophysics and Astrophysics Monographs},
    publisher = {D. Reidel Publishing Company}
    }
    
@ARTICLE{GranvikPopulation,
    title = {Debiased Orbit and Absolute-Magnitude Distributions for Near-Earth Objects},
    author = {M. Granvik and others},
    year = {2018},
    journal = {Icarus},
    volume = {312}
    }
    

    
% BOOKS

@BOOK{OptimizationAlgorithms,
    title = {Algorithms for Optimization},
    author = {M. J. Kochenderfer and T. A. Wheeler},
    year = {2019},
    publisher = {MIT University Press}
    }
    
